<?xml version="1.0" encoding="UTF-8"?><collection xmlns="http://www.loc.gov/MARC21/slim"><record><leader>00590nam--2200193-i-4500</leader><controlfield tag="001">000016680</controlfield><controlfield tag="002">20161230</controlfield><controlfield tag="005">20161230201031</controlfield><controlfield tag="008">060222s1000------------r-----000-0-eng-d</controlfield><datafield ind1=" " ind2=" " tag="020"><subfield code="a">3764316640</subfield></datafield><datafield ind1=" " ind2=" " tag="040"><subfield code="a">IFIN-HH</subfield></datafield><datafield ind1=" " ind2=" " tag="080"><subfield code="a">517.98</subfield></datafield><datafield ind1="1" ind2=" " tag="100"><subfield code="a">Baumgartel, H</subfield></datafield><datafield ind1="1" ind2="0" tag="245"><subfield code="a">Analytic perturbation theory for matrices and operators</subfield><subfield code="b">Operator theory: advances and applications</subfield><subfield code="c">H. baumgartel</subfield></datafield><datafield ind1=" " ind2=" " tag="260"><subfield code="a">Basel</subfield><subfield code="b">Birkhauser Verlag</subfield><subfield code="c">1985</subfield></datafield><datafield ind1=" " ind2=" " tag="300"><subfield code="a">427 P</subfield></datafield><datafield ind1=" " ind2=" " tag="490"><subfield code="a">Operator Theory: Advances And Applications</subfield><subfield code="v">Vol. 15</subfield></datafield><datafield ind1=" " ind2=" " tag="852"><subfield code="a">48882</subfield><subfield code="c">519.4/5</subfield></datafield><datafield ind1=" " ind2=" " tag="CAT"><subfield code="a">Sys</subfield><subfield code="c">20130814</subfield><subfield code="h">153228</subfield></datafield></record></collection>